<?xml version="1.0" encoding="UTF-8"?><collection xmlns="http://www.loc.gov/MARC21/slim"><record><leader>00386nam--2200133-i-4500</leader><controlfield tag="001">000041647</controlfield><controlfield tag="002">20161230</controlfield><controlfield tag="005">20161230201043</controlfield><controlfield tag="008">060222s1000------------r-----000-0-eng-d</controlfield><datafield ind1=" " ind2=" " tag="080"><subfield code="a">535</subfield></datafield><datafield ind1=" " ind2=" " tag="100"><subfield code="a">Simmons,Joseph W. And Guttmann,Mark,J</subfield></datafield><datafield ind1=" " ind2=" " tag="245"><subfield code="a">States, waves and photons:a modern introduction to light</subfield></datafield><datafield ind1=" " ind2=" " tag="260"><subfield code="a">Reading, Addison-wesley Publ.Comp.,1970. Xi + 279 P</subfield></datafield><datafield ind1=" " ind2=" " tag="852"><subfield code="a">33600</subfield></datafield></record></collection>